001  0000063
005  20180822172927.553
008  170429s||||     bl|||||||||||||||||por|u
020    $a8503002795
040    $aPorto Alegre$bpor
090    $a869.0(81)-31$bS679s
245 10 $aSantugri$bhistória de maniga e capoeiragem$cMuniza Sodré
260    $aRio de Janeiro$bJosé Olympio$c1988
300    $a71 p.$bil.
650    $aLiteratura Juvenil
650    $aPreto Velho
650    $aÁfrica
650    $aVovô
650    $aAncestral
